<record><leader>00000cas a22000007a 4500</leader><controlfield tag="001">18162188</controlfield><controlfield tag="008">880701d19591960iauwn ne      0    0eng d</controlfield><datafield ind1=" " ind2=" " tag="010"><subfield code="a">sn 88059234 </subfield></datafield><datafield ind1=" " ind2=" " tag="040"><subfield code="a">INP</subfield><subfield code="b">eng</subfield><subfield code="c">INP</subfield><subfield code="d">OCLCQ</subfield></datafield><datafield ind1=" " ind2=" " tag="042"><subfield code="a">msc</subfield></datafield><datafield ind1="0" ind2=" " tag="130"><subfield code="a">Tribune-press (Oskaloosa, Iowa)</subfield></datafield><datafield ind1="1" ind2="0" tag="245"><subfield code="a">Tribune-press.</subfield></datafield><datafield ind1=" " ind2=" " tag="260"><subfield code="a">Oskaloosa, Iowa :</subfield><subfield code="b">G.R. Draper,</subfield><subfield code="c">1959-1960.</subfield></datafield><datafield ind1=" " ind2=" " tag="300"><subfield code="a">1 v.</subfield></datafield><datafield ind1=" " ind2=" " tag="310"><subfield code="a">Weekly (except on certain legal holidays)</subfield></datafield><datafield ind1="0" ind2=" " tag="362"><subfield code="a">Vol. 104, no. 1 (Jan. 16, 1959)-v. 104, no. 40 (Oct. 21, 1960).</subfield></datafield><datafield ind1=" " ind2=" " tag="500"><subfield code="a">Publisher varies.</subfield></datafield><datafield ind1=" " ind2=" " tag="752"><subfield code="a">United States</subfield><subfield code="b">Iowa</subfield><subfield code="c">Mahaska</subfield><subfield code="d">Oskaloosa.</subfield></datafield><datafield ind1="0" ind2="0" tag="780"><subfield code="t">Oskaloosa tribune-press (Oskaloosa, Iowa : 1943)</subfield><subfield code="w">(DLC)sn 88059235</subfield></datafield><datafield ind1="0" ind2="0" tag="785"><subfield code="t">Oskaloosa tribune-press (Oskaloosa, Iowa : 1960)</subfield><subfield code="w">(DLC)sn 88059751</subfield></datafield></record>